@inproceedings{yang2007online,
	title={Online video recommendation based on multimodal fusion and relevance feedback},
	author={Yang, Bo and Mei, Tao and Hua, Xian-Sheng and Yang, Linjun and Yang, Shi-Qiang and Li, Mingjing},
	booktitle={Proceedings of the 6th ACM international conference on Image and video retrieval},
	pages={73--80},
	year={2007},
	organization={ACM}
}
@book{zhao2012video,
	title={On video recommendation over social network},
	author={Zhao, Xiaojian and Yuan, Jin and Hong, Richang and Wang, Meng and Li, Zhoujun and Chua, Tat-Seng},
	year={2012},
	publisher={Springer}
}
@inproceedings{zhu2013videotopic,
	title={Videotopic: Content-based video recommendation using a topic model},
	author={Zhu, Qiusha and Shyu, Mei-Ling and Wang, Haohong},
	booktitle={Multimedia (ISM), 2013 IEEE International Symposium on},
	pages={219--222},
	year={2013},
	organization={IEEE}
}
@inproceedings{davidson2010youtube,
	title={The YouTube video recommendation system},
	author={Davidson, James and Liebald, Benjamin and Liu, Junning and Nandy, Palash and Van Vleet, Taylor and Gargi, Ullas and Gupta, Sujoy and He, Yu and Lambert, Mike and Livingston, Blake and others},
	booktitle={Proceedings of the fourth ACM conference on Recommender systems},
	pages={293--296},
	year={2010},
	organization={ACM}
}
@article{zheng2013penetrate,
	title={PENETRATE: Personalized news recommendation using ensemble hierarchical clustering},
	author={Zheng, Li and Li, Lei and Hong, Wenxing and Li, Tao},
	journal={Expert Systems with Applications},
	volume={40},
	number={6},
	pages={2127--2136},
	year={2013},
	publisher={Elsevier}
}
@incollection{luo2009personalized,
	title={Personalized news video recommendation},
	author={Luo, Hangzai and Fan, Jianping and Keim, Daniel A and Satoh, Shin’ichi},
	booktitle={Advances in Multimedia Modeling},
	pages={459--471},
	year={2009},
	publisher={Springer}
}
@inproceedings{li2003approach,
	title={An approach for combining content-based and collaborative filters},
	author={Li, Qing and Kim, Byeong Man},
	booktitle={Proceedings of the sixth international workshop on Information retrieval with Asian languages-Volume 11},
	pages={17--24},
	year={2003},
	organization={Association for Computational Linguistics}
}
@inproceedings{van2003prediction,
	title={Prediction Strategies in a TV Recommender System-Method and Experiments.},
	author={Van Setten, Mark and Veenstra, Mettina and Nijholt, Anton and van Dijk, Betsy},
	booktitle={ICWI},
	pages={203--210},
	year={2003}
}
@inproceedings{miller2003movielens,
	title={MovieLens unplugged: experiences with an occasionally connected recommender system},
	author={Miller, Bradley N and Albert, Istvan and Lam, Shyong K and Konstan, Joseph A and Riedl, John},
	booktitle={Proceedings of the 8th international conference on Intelligent user interfaces},
	pages={263--266},
	year={2003},
	organization={ACM}
}
@inproceedings{lang1995newsweeder,
	title={Newsweeder: Learning to filter netnews},
	author={Lang, Ken},
	booktitle={Proceedings of the 12th international conference on machine learning},
	pages={331--339},
	year={1995}
}
@article{soares2015tuning,
	title={Tuning metadata for better movie content-based recommendation systems},
	author={Soares, M{\'a}rcio and Viana, Paula},
	journal={Multimedia Tools and Applications},
	volume={74},
	number={17},
	pages={7015--7036},
	year={2015},
	publisher={Springer}
}
@inproceedings{chow2010towards,
	title={Towards location-based social networking services},
	author={Chow, Chi-Yin and Bao, Jie and Mokbel, Mohamed F},
	booktitle={Proceedings of the 2nd ACM SIGSPATIAL International Workshop on Location Based Social Networks},
	pages={31--38},
	year={2010},
	organization={ACM}
}
@inproceedings{del2010differs,
	title={differs: A mobile recommender service},
	author={Del Prete, Lucia and Capra, Licia},
	booktitle={Mobile Data Management (MDM), 2010 Eleventh International Conference on},
	pages={21--26},
	year={2010},
	organization={IEEE}
}
@inproceedings{yin2011diversified,
	title={Diversified Trajectory Pattern Ranking in Geo-tagged Social Media.},
	author={Yin, Zhijun and Cao, Liangliang and Han, Jiawei and Luo, Jiebo and Huang, Thomas S},
	booktitle={SDM},
	pages={980--991},
	year={2011},
	organization={SIAM}
}
@misc{whiterecord,
	author={Unruly, Media},
	year={2011},
	title={http://www.marketingcharts.com/online/online-viewers-prefer-socially-recommended-videos-21011/},
}
@inproceedings{ma2008sorec,
	title={Sorec: social recommendation using probabilistic matrix factorization},
	author={Ma, Hao and Yang, Haixuan and Lyu, Michael R and King, Irwin},
	booktitle={Proceedings of the 17th ACM conference on Information and knowledge management},
	pages={931--940},
	year={2008},
	organization={ACM}
}

@article{wang2012group,
	title={Group Recommendation Based on the PageRank},
	author={Wang, Jing and Liu, Zhijing and Zhao, Hui},
	journal={Journal of Networks},
	volume={7},
	number={12},
	pages={2019--2024},
	year={2012}
}
@article{quijano2013social,
	title={Social factors in group recommender systems},
	author={Quijano-Sanchez, Lara and Recio-Garcia, Juan A and Diaz-Agudo, Belen and Jimenez-Diaz, Guillermo},
	journal={ACM Transactions on Intelligent Systems and Technology (TIST)},
	volume={4},
	number={1},
	pages={8},
	year={2013},
	publisher={ACM}
}
@article{amer2009group,
	title={Group recommendation: Semantics and efficiency},
	author={Amer-Yahia, Sihem and Roy, Senjuti Basu and Chawlat, Ashish and Das, Gautam and Yu, Cong},
	journal={Proceedings of the VLDB Endowment},
	volume={2},
	number={1},
	pages={754--765},
	year={2009},
	publisher={VLDB Endowment}
}
@incollection{zheng2013flickr,
	title={Flickr group recommendation based on user-generated tags and social relations via topic model},
	author={Zheng, Nan and Bao, Hongyun},
	booktitle={Advances in Neural Networks--ISNN 2013},
	pages={514--523},
	year={2013},
	publisher={Springer}
}
@inproceedings{roy2014exploiting,
	title={Exploiting group recommendation functions for flexible preferences},
	author={Roy, Senjuti Basu and Thirumuruganathan, Saravanan and Amer-Yahia, Sihem and Das, Goutam and Yu, Cong},
	booktitle={Data Engineering (ICDE), 2014 IEEE 30th International Conference on},
	pages={412--423},
	year={2014},
	organization={IEEE}
}
@inproceedings{o2001polylens,
	title={PolyLens: a recommender system for groups of users},
	author={O’connor, Mark and Cosley, Dan and Konstan, Joseph A and Riedl, John},
	booktitle={ECSCW 2001},
	pages={199--218},
	year={2001},
	organization={Springer}
}
@inproceedings{salehi2015preference,
	title={Preference-oriented Social Networks: Group Recommendation and Inference},
	author={Salehi-Abari, Amirali and Boutilier, Craig},
	booktitle={Proceedings of the 9th ACM Conference on Recommender Systems},
	pages={35--42},
	year={2015},
	organization={ACM}
}
@inproceedings{recio2009personality,
	title={Personality aware recommendations to groups},
	author={Recio-Garcia, Juan A and Jimenez-Diaz, Guillermo and Sanchez-Ruiz, Antonio A and Diaz-Agudo, Belen},
	booktitle={Proceedings of the third ACM conference on Recommender systems},
	pages={325--328},
	year={2009},
	organization={ACM}
}
@inproceedings{berkovsky2010group,
	title={Group-based recipe recommendations: analysis of data aggregation strategies},
	author={Berkovsky, Shlomo and Freyne, Jill},
	booktitle={Proceedings of the fourth ACM conference on Recommender systems},
	pages={111--118},
	year={2010},
	organization={ACM}
}
@inproceedings{seko2011group,
	title={Group recommendation using feature space representing behavioral tendency and power balance among members},
	author={Seko, Shunichi and Yagi, Takashi and Motegi, Manabu and Muto, Shinyo},
	booktitle={Proceedings of the fifth ACM conference on Recommender systems},
	pages={101--108},
	year={2011},
	organization={ACM}
}
@incollection{zheng2013flickr,
	title={Flickr group recommendation based on user-generated tags and social relations via topic model},
	author={Zheng, Nan and Bao, Hongyun},
	booktitle={Advances in Neural Networks--ISNN 2013},
	pages={514--523},
	year={2013},
	publisher={Springer}
}
@article{amer2009group,
	title={Group recommendation: Semantics and efficiency},
	author={Amer-Yahia, Sihem and Roy, Senjuti Basu and Chawlat, Ashish and Das, Gautam and Yu, Cong},
	journal={Proceedings of the VLDB Endowment},
	volume={2},
	number={1},
	pages={754--765},
	year={2009},
	publisher={VLDB Endowment}
}

@article{wang2012group,
	title={Group Recommendation Based on the PageRank},
	author={Wang, Jing and Liu, Zhijing and Zhao, Hui},
	journal={Journal of Networks},
	volume={7},
	number={12},
	pages={2019--2024},
	year={2012}
}

@inproceedings{salehi2015preference,
	title={Preference-oriented Social Networks: Group Recommendation and Inference},
	author={Salehi-Abari, Amirali and Boutilier, Craig},
	booktitle={Proceedings of the 9th ACM Conference on Recommender Systems},
	pages={35--42},
	year={2015},
	organization={ACM}
}
@article{wang2012recommending,
	title={Recommending Flickr groups with social topic model},
	author={Wang, Jingdong and Zhao, Zhe and Zhou, Jiazhen and Wang, Hao and Cui, Bin and Qi, Guojun},
	journal={Information retrieval},
	volume={15},
	number={3-4},
	pages={278--295},
	year={2012},
	publisher={Springer}
}
@inproceedings{wang2015flickr,
	title={Flickr group recommendation via heterogeneous information networks},
	author={Wang, Yueyang and Xia, Yuanfang and Tang, Siliang and Wu, Fei and Zhuang, Yueting},
	booktitle={Proceedings of the 7th International Conference on Internet Multimedia Computing and Service},
	pages={20},
	year={2015},
	organization={ACM}
}

@article{mei2011contextual,
	title={Contextual video recommendation by multimodal relevance and user feedback},
	author={Mei, Tao and Yang, Bo and Hua, Xian-Sheng and Li, Shipeng},
	journal={ACM Transactions on Information Systems (TOIS)},
	volume={29},
	number={2},
	pages={10},
	year={2011},
	publisher={ACM}
}@inproceedings{turnbull2009combining,
	title={Combining audio content and social context for semantic music discovery},
	author={Turnbull, Douglas R and Barrington, Luke and Lanckriet, Gert and Yazdani, Mehrdad},
	booktitle={Proceedings of the 32nd international ACM SIGIR conference on Research and development in information retrieval},
	pages={387--394},
	year={2009},
	organization={ACM}
	
	
}@inproceedings{kuo2005emotion,
	title={Emotion-based music recommendation by association discovery from film music},
	author={Kuo, Fang-Fei and Chiang, Meng-Fen and Shan, Man-Kwan and Lee, Suh-Yin},
	booktitle={Proceedings of the 13th annual ACM international conference on Multimedia},
	pages={507--510},
	year={2005},
	organization={ACM}
}

@inproceedings{chen2012personalized,
	title={Personalized video recommendation through tripartite graph propagation},
	author={Chen, Bisheng and Wang, Jingdong and Huang, Qinghua and Mei, Tao},
	booktitle={Proceedings of the 20th ACM international conference on Multimedia},
	pages={1133--1136},
	year={2012},
	organization={ACM}
}

@inproceedings{yang2007online,
	title={Online video recommendation based on multimodal fusion and relevance feedback},
	author={Yang, Bo and Mei, Tao and Hua, Xian-Sheng and Yang, Linjun and Yang, Shi-Qiang and Li, Mingjing},
	booktitle={Proceedings of the 6th ACM international conference on Image and video retrieval},
	pages={73--80},
	year={2007},
	organization={ACM}
}
%%yzsws-cikm15
@inproceedings{Yin:2015:JMU:2806416.2806500,
	author = {H. Yin and X. Zhou and Y. Shao and H. Wang and S. Sadiq},
	title = {Joint Modeling of User Check-in Behaviors for Point-of-Interest Recommendation},
	booktitle = cikm,
	year = {2015},
	location = {Melbourne, Australia},
	pages = {1631--1640},
	numpages = {10},
	hideurl = {http://doi.acm.org/10.1145/2806416.2806500},
	hidedoi = {10.1145/2806416.2806500},
	publisher = {ACM},
	keywords = {joint modeling, location-based service, probabilistic generative model, recommender system},
} 

@inproceedings{guan2010document,
	title={Document recommendation in social tagging services},
	author={Guan, Ziyu and Wang, Can and Bu, Jiajun and Chen, Chun and Yang, Kun and Cai, Deng and He, Xiaofei},
	booktitle={Proceedings of the 19th international conference on World wide web},
	pages={391--400},
	year={2010},
	organization={ACM}
}
@incollection{ozturk2011hybrid,
	title={A hybrid video recommendation system using a graph-based algorithm},
	author={{\"O}zt{\"u}rk, Gizem and Cicekli, Nihan Kesim},
	booktitle={Modern Approaches in Applied Intelligence},
	pages={406--415},
	year={2011},
	publisher={Springer}
}
@article{wong2015points,
	title={Points of Interest Recommendation Based on Context-aware.},
	author={Wong, Fung and Lee, Shijun and Wong, Quanrui},
	journal={International Journal of Hybrid Information Technology},
	volume={8},
	number={3},
	year={2015}
}
@article{wang2012group,
	title={Group Recommendation Based on the PageRank},
	author={Wang, Jing and Liu, Zhijing and Zhao, Hui},
	journal={Journal of Networks},
	volume={7},
	number={12},
	pages={2019--2024},
	year={2012}
}
@article{yin2012challenging,
	title={Challenging the long tail recommendation},
	author={Yin, Hongzhi and Cui, Bin and Li, Jing and Yao, Junjie and Chen, Chen},
	journal={Proceedings of the VLDB Endowment},
	volume={5},
	number={9},
	pages={896--907},
	year={2012},
	publisher={VLDB Endowment}
}
@inproceedings{zhou2015online,
	title={Online Video Recommendation in Sharing Community},
	author={Zhou, Xiangmin and Chen, Lei and Zhang, Yanchun and Cao, Longbing and Huang, Guangyan and Wang, Chen},
	booktitle={Proceedings of the 2015 ACM SIGMOD International Conference on Management of Data},
	pages={1645--1656},
	year={2015},
	organization={ACM}
}
@inproceedings{cui2010multiple,
	title={Multiple feature fusion for social media applications},
	author={Cui, Bin and Tung, Anthony KH and Zhang, Ce and Zhao, Zhe},
	booktitle={Proceedings of the 2010 ACM SIGMOD International Conference on Management of data},
	pages={435--446},
	year={2010},
	organization={ACM}
}


@article{mangalindan2012amazon,
	title={Amazon’s recommendation secret},
	author={Mangalindan, J},
	journal={CNN/2012/07/30/amazon-5},
	year={2012}
}
@article{resnick1997recommender,
	title={Recommender systems},
	author={Resnick, Paul and Varian, Hal R},
	journal={Communications of the ACM},
	volume={40},
	number={3},
	pages={56--58},
	year={1997},
	publisher={ACM}
}

@article{bermingham2015application,
	title={Application of high-dimensional feature selection: evaluation for genomic prediction in man},
	author={Bermingham, ML and Pong-Wong, R and Spiliopoulou, A and Hayward, C and Rudan, I and Campbell, H and Wright, AF and Wilson, JF and Agakov, F and Navarro, P and others},
	journal={Scientific reports},
	volume={5},
	year={2015},
	publisher={Nature Publishing Group}
}
@article{madhaviimproved,
	title={An Improved Fast Clustering method for Feature Subset Selection on High-Dimensional Data clustering},
	author={Madhavi, JK and Yadav, G Venkatesh}
}
@inproceedings{molina2002feature,
	title={Feature selection algorithms: A survey and experimental evaluation},
	author={Molina, Luis Carlos and Belanche, Llu{\'\i}s and Nebot, {\`A}ngela},
	booktitle={Data Mining, 2002. ICDM 2003. Proceedings. 2002 IEEE International Conference on},
	pages={306--313},
	year={2002},
	organization={IEEE}
}

@book{liu2012feature,
	title={Feature selection for knowledge discovery and data mining},
	author={Liu, Huan and Motoda, Hiroshi},
	volume={454},
	year={2012},
	publisher={Springer Science \& Business Media}
}
@inproceedings{liu1996probabilistic,
	title={A probabilistic approach to feature selection-a filter solution},
	author={Liu, Huan and Setiono, Rudy and others},
	booktitle={ICML},
	volume={96},
	pages={319--327},
	year={1996},
	organization={Citeseer}
}
@inproceedings{molina2002feature,
	title={Feature selection algorithms: A survey and experimental evaluation},
	author={Molina, Luis Carlos and Belanche, Llu{\'\i}s and Nebot, {\`A}ngela},
	booktitle={Data Mining, 2002. ICDM 2003. Proceedings. 2002 IEEE International Conference on},
	pages={306--313},
	year={2002},
	organization={IEEE}
}
@article{meiri2006using,
	title={Using simulated annealing to optimize the feature selection problem in marketing applications},
	author={Meiri, Ronen and Zahavi, Jacob},
	journal={European Journal of Operational Research},
	volume={171},
	number={3},
	pages={842--858},
	year={2006},
	publisher={Elsevier}
}
@article{broadhurst1997genetic,
	title={Genetic algorithms as a method for variable selection in multiple linear regression and partial least squares regression, with applications to pyrolysis mass spectrometry},
	author={Broadhurst, David and Goodacre, Royston and Jones, Alun and Rowland, Jem J and Kell, Douglas B},
	journal={Analytica Chimica Acta},
	volume={348},
	number={1},
	pages={71--86},
	year={1997},
	publisher={Elsevier}
}
@article{jirapech2005feature,
	title={Feature selection and classification for microarray data analysis: Evolutionary methods for identifying predictive genes},
	author={Jirapech-Umpai, Thanyaluk and Aitken, Stuart},
	journal={BMC bioinformatics},
	volume={6},
	number={1},
	pages={148},
	year={2005},
	publisher={BioMed Central Ltd}
}
@phdthesis{hall1999correlation,
	title={Correlation-based feature selection for machine learning},
	author={Hall, Mark A},
	year={1999},
	school={The University of Waikato}
}
@article{koller1996toward,
	title={Toward optimal feature selection},
	author={Koller, Daphne and Sahami, Mehran},
	year={1996},
	publisher={Stanford InfoLab}
}
@article{yu2004efficient,
	title={Efficient feature selection via analysis of relevance and redundancy},
	author={Yu, Lei and Liu, Huan},
	journal={The Journal of Machine Learning Research},
	volume={5},
	pages={1205--1224},
	year={2004},
	publisher={JMLR. org}
}
@inproceedings{yu2003feature,
	title={Feature selection for high-dimensional data: A fast correlation-based filter solution},
	author={Yu, Lei and Liu, Huan},
	booktitle={ICML},
	volume={3},
	pages={856--863},
	year={2003}
}
@inproceedings{senliol2008fast,
	title={Fast Correlation Based Filter (FCBF) with a different search strategy},
	author={Senliol, Baris and Gulgezen, Gokhan and Yu, Lei and Cataltepe, Zehra},
	booktitle={Computer and Information Sciences, 2008. ISCIS'08. 23rd International Symposium on},
	pages={1--4},
	year={2008}
}
@article{bolon2013review,
	title={A review of feature selection methods on synthetic data},
	author={Bol{\'o}n-Canedo, Ver{\'o}nica and S{\'a}nchez-Maro{\~n}o, Noelia and Alonso-Betanzos, Amparo},
	journal={Knowledge and information systems},
	volume={34},
	number={3},
	pages={483--519},
	year={2013},
	publisher={Springer}
}
@article{hsu2010feature,
	title={Feature selection via correlation coefficient clustering},
	author={Hsu, Hui-Huang and Hsieh, Cheng-Wei},
	journal={Journal of Software},
	volume={5},
	number={12},
	pages={1371--1377},
	year={2010}
}
@incollection{haindl2006feature,
	title={Feature selection based on mutual correlation},
	author={Haindl, Michal and Somol, Petr and Ververidis, Dimitrios and Kotropoulos, Constantine},
	booktitle={Progress in Pattern Recognition, Image Analysis and Applications},
	pages={569--577},
	year={2006},
	publisher={Springer}
}
@inproceedings{chou2007correlation,
	title={Correlation-based feature selection for intrusion detection design},
	author={Chou, Te-Shun and Yen, Kang K and Luo, Jun and Pissinou, Niki and Makki, Kia},
	booktitle={Military Communications Conference, 2007. MILCOM 2007. IEEE},
	pages={1--7},
	year={2007},
	organization={IEEE}
}
@article{song2013fast,
	title={A fast clustering-based feature subset selection algorithm for high-dimensional data},
	author={Song, Qinbao and Ni, Jingjie and Wang, Guangtao},
	journal={Knowledge and Data Engineering, IEEE Transactions on},
	volume={25},
	number={1},
	pages={1--14},
	year={2013},
	publisher={IEEE}
}
@article{fleuret2004fast,
	title={Fast binary feature selection with conditional mutual information},
	author={Fleuret, Fran{\c{c}}ois},
	journal={The Journal of Machine Learning Research},
	volume={5},
	pages={1531--1555},
	year={2004},
	publisher={JMLR. org}
}
@phdthesis{hall1999correlation,
	title={Correlation-based feature selection for machine learning},
	author={Hall, Mark A},
	year={1999},
	school={The University of Waikato}
}
@article{marzuki2012data,
	title={Data mining discretization methods and performances},
	author={Marzuki, Z and Ahmad, F},
	journal={lung},
	volume={3},
	number={32},
	pages={57},
	year={2012}
}
@misc{youtubeuploader,
	author = {},
	title = {},
	howpublished = "\url{http://www.reelseo.com/youtube-300-hours/}",
	year = {},
}
@phdthesis{hall1999correlation,
	title={Correlation-based feature selection for machine learning},
	author={Hall, Mark A},
	year={1999},
	school={The University of Waikato}
}
