@string{ acm = "ACM Press, New York" }
@string{ acmtois = "ACM Trans. Information Systems" }
@string{ adcs = "Proc. Aust. Doc. Comp. Symp." }
@string{ airs = "Proc. Asian Information Retrieval Societies Conf." }
@string{ alenex = "Proc. Wkshp. Algorithm Engineering and Experiments" },
@string{ algorithmica = "Algorithmica" }
@string{ asist = "Proc. Am. Soc. Information Science and Tech." }
@string{ chi = "Proc. Conf. Computer Human Interaction" }
@string{ cikm = "Proc. Conf. Information and Knowledge Management" },
@string{ cogsys = "Cognitive Systems Research" }
@string{ compsurv = "ACM Computing Surveys" }
@string{ cpm = "Proc. Symp. Combinatorial Pattern Matching" },
@string{ dasfaa = "Proc. Conf. Database Systems for Advanced Applications" },
@string{ dcc = "Proc. IEEE Data Compression Conf." },
@string{ edbt = "Proc. Int. Conf. Extending Database Technology" },
@string{ esa = "Proc. European Symp. Algorithms" },
@string{ evia = "Proc. Wrkshp. Evaluation Information Access" }
@string{ focs = "Proc. IEEE Symp. Foundations of Computer Science" }
@string{ fntir = "Foundations and Trends in Information Retrieval" }
@string{ icde = "Proc. Int. Conf. Data Engineering" }
@string{ iiix = "Proc. Conf. Information Interaction in Context" }
@string{ infsys = "Information Systems" }
@string{ ipl = "Information Processing Letters" }
@string{ ipm = "Information Processing \& Management" }
@string{ irj = "Information Retrieval J." }
@string{ isaac = "Proc. Int. Symp. Algorithms and Computation" }
@string{ jacm = "J. ACM" }
@string{ jcmcc = "J. Combinatorial Mathematics and Combinatorial Computing" }
@string{ ntcir = "Proc. NII Testbeds and Communities
	for Information Access and Research" }
@string{ jda = "J. Discrete Algorithms" }
@string{ pods = "Proc. ACM SIGMOD-SIGACT-SIGART Symp. on Principles of Database Systems" }
@string{ pvldb = "VLDB J." }
@string{ riao = "Proc. RIAO" }
@string{ sea = "Proc. Symp. Experimental Algorithms" },
@string{ siamjc = "SIAM J. Computing" }
@string{ sigir = "Proc. ACM-SIGIR Int. Conf. Research and
		Development in Information Retrieval" }
@string{ sigmod = "Proc. ACM-SIGMOD Int. Conf. on Management
		of Data" }
@string{ soda = "Proc. ACM-SIAM Symp. on Discrete Algorithms" }
@string{ spe = "Software Practice \& Experience" }
@string{ spire = "Proc. Symp. on String Processing and
		Information Retrieval" },
@string{ wea = "Proc. Int. Wkshp. on Experimental Algorithmics" }
@string{ wsdm = "Proc. Int. Conf. on Web Search and Data Mining" }
@string{ www = "Proc. Int. Conf. on the World Wide Web" }
@string{ trec = "Proc. Text REtrieval Conf." }
